<record><leader>00000cas a22000007a 4500</leader><controlfield tag="001">11231981</controlfield><controlfield tag="008">841005d18641868iauwr ne      0    0eng d</controlfield><datafield ind1=" " ind2=" " tag="010"><subfield code="a">sn 84038266 </subfield></datafield><datafield ind1=" " ind2=" " tag="040"><subfield code="a">NPX</subfield><subfield code="b">eng</subfield><subfield code="c">NPX</subfield><subfield code="d">INP</subfield><subfield code="d">OCLCQ</subfield></datafield><datafield ind1=" " ind2=" " tag="042"><subfield code="a">msc</subfield></datafield><datafield ind1="0" ind2=" " tag="130"><subfield code="a">State press (Iowa City, Iowa)</subfield></datafield><datafield ind1="1" ind2="4" tag="245"><subfield code="a">The State press.</subfield></datafield><datafield ind1=" " ind2=" " tag="260"><subfield code="a">Iowa City [Iowa :</subfield><subfield code="b">Ira C. Mitchell],</subfield><subfield code="c">1864-1868.</subfield></datafield><datafield ind1=" " ind2=" " tag="300"><subfield code="a">5 v. ;</subfield><subfield code="c">51-65 cm.</subfield></datafield><datafield ind1=" " ind2=" " tag="310"><subfield code="a">Weekly</subfield></datafield><datafield ind1="0" ind2=" " tag="362"><subfield code="a">Vol. 4, no. 7 (Feb. 3, 1864)-v. 8, no. 30 (July 29, 1868).</subfield></datafield><datafield ind1=" " ind2=" " tag="500"><subfield code="a">Publisher: John P. Irish, July 6, 1864-1868.</subfield></datafield><datafield ind1=" " ind2=" " tag="500"><subfield code="a">Editors: Ira C. Mitchell, Feb. 3-June 29, 1864; John P. Irish, July 6, 1864-1868.</subfield></datafield><datafield ind1=" " ind2=" " tag="752"><subfield code="a">United States</subfield><subfield code="b">Iowa</subfield><subfield code="c">Johnson</subfield><subfield code="d">Iowa City.</subfield></datafield><datafield ind1="0" ind2="0" tag="780"><subfield code="t">State democratic press (Iowa City, Iowa : 1860)</subfield><subfield code="w">(DLC)sn 85049501</subfield></datafield><datafield ind1="0" ind2="0" tag="785"><subfield code="t">State democratic press (Iowa City, Iowa : 1868)</subfield><subfield code="w">(DLC)sn 85049503</subfield></datafield><datafield ind1="1" ind2=" " tag="029"><subfield code="a">AU@</subfield><subfield code="b">000025819917</subfield></datafield></record>